% Encoding: UTF-8

@book{ibge1993,
  Address = {Rio de Janeiro},
  Author = {IBGE},
  Date-Added = {2013-08-21 13:56:10 +0000},
  Date-Modified = {2013-08-21 13:56:10 +0000},
  Edition = {3},
  Organization = {http://biblioteca.ibge.gov.br/visualizacao/livros/liv23907.pdf},
  Publisher = {Centro de Documenta},
  Title = {Normas de apresentar},
  Urlaccessdate = {21 ago 2013},
  Year = {1993}}

  
@article{Weir04,
Author = {Weir, B. S. and Turner, S. J. and Silvester, W. B. and Park, D.-C. and Young, J. M.},
Title = {Unexpectedly diverse \emph{Mesorhizobium} strains and \emph{Rhizobium leguminosarum} nodulate native legume genera of New Zealand, while introduced legume weeds are nodulated by \emph{Bradyrhizobium} species},
Journal = {Applied and Environmental Microbiology},
Volume = {70},
Number = {10},
Pages = {5980-5987},
Year = {2004} }

@article{einstein,
    author =       "Albert Einstein",
    title =        "{Zur Elektrodynamik bewegter K{\"o}rper}. ({German})
        [{On} the electrodynamics of moving bodies]",
    journal =      "Annalen der Physik",
    volume =       "322",
    number =       "10",
    pages =        "891--921",
    year =         "1905",
    DOI =          "http://dx.doi.org/10.1002/andp.19053221004"
}
 
@book{latexcompanion,
    author    = "Michel Goossens and Frank Mittelbach and Alexander Samarin",
    title     = "The \LaTeX\ Companion",
    year      = "1993",
    publisher = "Addison-Wesley",
    address   = "Reading, Massachusetts"
}
 
@misc{knuthwebsite,
    author    = "Donald Knuth",
    title     = "Knuth: Computers and Typesetting",
    url       = "http://www-cs-faculty.stanford.edu/\~{}uno/abcde.html"
}
@Comment{jabref-meta: databaseType:bibtex;}
